@manual{ref1,
	title = {OpenGL编程指南},
	edition = {eighth},
	author = {Dave Shreiner、Graham Sellers、John Kessenich、Bill Licea-Kane、王锐 等译},
}

@manual{ref2,
	title = {OpenGL},
	organization = {百度百科},
	address = {\url{http://baike.baidu.com/view/9222.htm}}
}

﻿@manual{ref3,
	title = {新概念物理教程 - 力学},
	edition = {second},
	author = {赵凯华、罗蔚茵},
	note = {第三章　机械能守恒}
}
